<record><leader>00000cas a22000007a 4500</leader><controlfield tag="001">23347648</controlfield><controlfield tag="008">910328d19161920ohudn ne      0    0eng d</controlfield><datafield ind1=" " ind2=" " tag="010"><subfield code="a">sn 90068938 </subfield></datafield><datafield ind1=" " ind2=" " tag="040"><subfield code="a">ONP</subfield><subfield code="b">eng</subfield><subfield code="c">ONP</subfield><subfield code="d">OCLCQ</subfield></datafield><datafield ind1=" " ind2=" " tag="042"><subfield code="a">msc</subfield></datafield><datafield ind1="0" ind2=" " tag="130"><subfield code="a">Star and beacon (Ashtabula, Ohio : 1916)</subfield></datafield><datafield ind1="1" ind2="0" tag="245"><subfield code="a">Star and beacon.</subfield></datafield><datafield ind1="1" ind2="3" tag="246"><subfield code="a">Ashtabula star and beacon</subfield></datafield><datafield ind1=" " ind2=" " tag="260"><subfield code="a">Ashtabula, Ohio :</subfield><subfield code="b">Ashtabula Print. Co.,</subfield><subfield code="c">1916-1920.</subfield></datafield><datafield ind1=" " ind2=" " tag="300"><subfield code="a">v.</subfield></datafield><datafield ind1=" " ind2=" " tag="310"><subfield code="a">Daily, except Sunday</subfield></datafield><datafield ind1="0" ind2=" " tag="362"><subfield code="a">29th year, no. 8613 (Apr. 3, 1916)-53rd year, no. 9711 (Oct. 12, 1920).</subfield></datafield><datafield ind1=" " ind2=" " tag="752"><subfield code="a">United States</subfield><subfield code="b">Ohio</subfield><subfield code="c">Ashtabula</subfield><subfield code="d">Ashtabula.</subfield></datafield><datafield ind1="0" ind2="4" tag="780"><subfield code="t">Ashtabula beacon (Ashtabula, Ohio : 1911)</subfield><subfield code="w">(DLC)sn 83035700</subfield></datafield><datafield ind1="0" ind2="4" tag="780"><subfield code="t">Star (Ashtabula, Ohio)</subfield><subfield code="w">(DLC)sn 88078577</subfield></datafield><datafield ind1="0" ind2="0" tag="785"><subfield code="t">Ashtabula star-beacon</subfield><subfield code="w">(DLC)sn 83035206</subfield></datafield></record>